@inproceedings {USENIX:CrAlJaZh23,
author = {Cas Cremers and Alexander Dax and Charlie Jacomme and Mang Zhao},
title = {Automated Analysis of Protocols that use Authenticated Encryption: How Subtle {AEAD} Differences can impact Protocol Security},
booktitle = {32nd USENIX Security Symposium (USENIX Security 23)},
year = {2023},
isbn = {978-1-939133-37-3},
address = {Anaheim, CA},
pages = {5935--5952},
url = {https://www.usenix.org/conference/usenixsecurity23/presentation/cremers-protocols},
publisher = {USENIX Association},
month = aug
}